@book{falconer1986geometry,
  title={The geometry of fractal sets},
  author={Falconer, Kenneth J},
  number={85},
  year={1986},
  publisher={Cambridge university press}
}
@article{beckner1989note,
  title={A note on restriction of the Fourier transform to spheres},
  author={Beckner, William and Carbery, Anthony and Semmes, Stephen and Soria, Fernando},
  journal={Bulletin of the London Mathematical Society},
  volume={21},
  number={4},
  pages={394--398},
  year={1989},
  publisher={Oxford University Press}
}
@article{dvir2011kakeya,
  title={Kakeya sets, new mergers, and old extractors},
  author={Dvir, Zeev and Wigderson, Avi},
  journal={SIAM Journal on Computing},
  volume={40},
  number={3},
  pages={778--792},
  year={2011},
  publisher={SIAM}
}
@article{bourgain1995some,
  title={Some new estimates on oscillatory integrals},
  author={Bourgain, Jean},
  journal={Essays on Fourier analysis in honor of Elias M. Stein},
  volume={42},
  pages={83--112},
  year={1995}
}
@article{bourgain1993distribution,
  title={On the distribution of Dirichlet sums},
  author={Bourgain, Jean},
  journal={Journal d Analyse Mathematique},
  volume={60},
  number={1},
  pages={21--32},
  year={1993},
  publisher={Springer}
}
@article{kyureghyan2013size,
  title={On the size of Kakeya sets in finite vector spaces},
  author={Kyureghyan, Gohar and M{\"u}ller, Peter and Wang, Qi},
  journal={arXiv preprint arXiv:1302.5591},
  year={2013}
}
@article{drury1983lp,
  title={Lp estimates for the x-ray transform},
  author={Drury, SW},
  journal={Illinois J. Math},
  volume={27},
  number={1},
  pages={125--129},
  year={1983}
}
@article{dvir2012incidence,
  title={Incidence theorems and their applications},
  author={Dvir, Zeev},
  journal={arXiv preprint arXiv:1208.5073},
  year={2012}
}
@article{christ1984estimates,
  title={Estimates for the k-plane transform},
  author={Christ, Michael},
  journal={Indiana University Mathematics Journal},
  volume={33},
  number={6},
  pages={891--910},
  year={1984},
  publisher={JSTOR}
}
@article{carbery2013endpoint,
  title={The endpoint multilinear Kakeya theorem via the Borsuk--Ulam theorem},
  author={Carbery, Anthony and Valdimarsson, Stef{\'a}n Ingi},
  journal={Journal of Functional Analysis},
  volume={264},
  number={7},
  pages={1643--1663},
  year={2013},
  publisher={Elsevier}
}
@article{wolff1999recent,
  title={Recent work connected with the Kakeya problem},
  author={Wolff, Thomas},
  journal={Prospects in mathematics (Princeton, NJ, 1996)},
  volume={2},
  pages={129--162},
  year={1999}
}
@inproceedings{davies1971some,
  title={Some remarks on the Kakeya problem},
  author={Davies, Roy O},
  booktitle={Mathematical Proceedings of the Cambridge Philosophical Society},
  volume={69},
  pages={417--421},
  year={1971},
  organization={Cambridge University Press}
}
@article{wolff1995improved,
  title={An improved bound for Kakeya type maximal functions},
  author={Wolff, Thomas H},
  journal={Revista Matem{\'a}tica Iberoamericana},
  volume={11},
  number={3},
  pages={651--674},
  year={1995}
}
@article{tao2002edinburgh,
  title={Edinburgh lecture notes on the Kakeya problem},
  author={Tao, Terence},
  journal={Preprint},
  year={2002}
}
@article{katz2001new,
  title={New bounds on Kakeya problems},
  author={Katz, Nets and Tao, Terence},
  journal={arXiv preprint math/0102135},
  year={2001}
}
@article{fefferman1971multiplier,
  title={The multiplier problem for the ball},
  author={Fefferman, Charles},
  journal={Annals of Mathematics},
  volume={94},
  number={2},
  pages={330--336},
  year={1971},
  publisher={JSTOR}
}


@article{bourgain2004sum,
  title={A sum-product estimate in finite fields, and applications},
  author={Bourgain, Jean and Katz, Nets and Tao, Terence},
  journal={Geometric \& Functional Analysis GAFA},
  volume={14},
  number={1},
  pages={27--57},
  year={2004},
  publisher={Springer}
}
@article{katz2000improved,
  title={An improved bound on the Minkowski dimension of Besicovitch sets in R3},
  author={Katz, Nets and Laba, Izabella and Tao, Terence},
  journal={Annals of Mathematics},
  pages={383--446},
  year={2000},
  publisher={JSTOR}
}
@article{katz2002recent,
  title={Recent progress on the Kakeya conjecture},
  author={Katz, N and Tao, T},
  journal={Publicacions Matem{\`a}tiques},
  pages={161--179},
  year={2002}
}
@article{mockenhaupt1993local,
  title={Local smoothing of Fourier integral operators and Carleson-Sjolin estimates},
  author={Mockenhaupt, Gerd and Seeger, Andreas and Sogge, Christopher D},
  journal={Journal of the American Mathematical Society},
  pages={65--130},
  year={1993},
  publisher={JSTOR}
}
@article{bourgain2001ap,
  title={Ap-sets in analysis: results, problems and related aspects},
  author={Bourgain, Jean},
  journal={Handbook of the geometry of Banach spaces},
  volume={1},
  pages={195},
  year={2001},
  publisher={Elsevier Health Sciences}
}
@article{bourgain1999dimension,
  title={On the dimension of Kakeya sets and related maximal inequalities},
  author={Bourgain, Jean},
  journal={Geometric \& Functional Analysis GAFA},
  volume={9},
  number={2},
  pages={256--282},
  year={1999},
  publisher={Birkh{\"a}user Verlag}
}
@article{laba2001improved,
  title={An improved bound for the Minkowski dimension of Besicovitch sets in medium dimension},
  author={Laba, Izabella and Tao, Terence},
  journal={Geometric \& Functional Analysis GAFA},
  volume={11},
  number={4},
  pages={773--806},
  year={2001},
  publisher={Springer}
}
@article{Tao-1998-BilinearApproachRestriction,
  title = {A Bilinear Approach to the Restriction and {{Kakeya}} Conjectures},
  author = {Tao, Terence and Vargas, Ana and Vega, Luis},
  year = {1998},
  journal = {Journal of the American Mathematical Society},
  volume = {11},
  number = {4},
  pages = {967--1000},
  issn = {0894-0347, 1088-6834},
  doi = {10.1090/S0894-0347-98-00278-1},
  langid = {english}
}
@article{bourga1991besicovitch,
  title={Besicovitch type maximal operators and applications to Fourier analysis},
  author={Bourgain, Jean},
  journal={Geometric \& Functional Analysis GAFA},
  volume={1},
  number={2},
  pages={147--187},
  year={1991},
  publisher={Springer}
}
@article{cordoba1977kakeya,
  title={The Kakeya maximal function and the spherical summation multipliers},
  author={C\'ordoba, Antonio},
  journal={American Journal of Mathematics},
  volume={99},
  number={1},
  pages={1--22},
  year={1977},
  publisher={JSTOR}
}
@article{katz2019improved,
  title={An improved bound on the Hausdorff dimension of Besicovitch sets in $\mathbb{R}^3$},
  author={Katz, Nets and Zahl, Joshua},
  journal={Journal of the American Mathematical Society},
  volume={32},
  number={1},
  pages={195--259},
  year={2019}
}
@article{katz2020kakeya,
  title={A Kakeya maximal function estimate in four dimensions using planebrushes},
  author={Katz, Nets Hawk and Zahl, Joshua},
  journal={Revista Matem{\'a}tica Iberoamericana},
  volume={37},
  number={1},
  pages={317--359},
  year={2020}
}
@article{zahl2021new,
  title={New Kakeya estimates using Gromov's algebraic lemma},
  author={Zahl, Joshua},
  journal={Advances in Mathematics},
  volume={380},
  pages={107596},
  year={2021},
  publisher={Elsevier}
}
@article{tao2001rotating,
  title={From Rotating Needles to Stability of Waves: Emerging Connections between},
  author={Tao, Terence},
  journal={Notices of the AMS},
  volume={48},
  number={3},
  year={2001}
}
@book{wolff2003lectures,
  title={Lectures on harmonic analysis},
  author={Wolff, Thomas H},
  volume={29},
  year={2003},
  publisher={American Mathematical Soc.}
}
@article{laba2008harmonic,
  title={From harmonic analysis to arithmetic combinatorics},
  author={{\L}aba, Izabella},
  journal={Bulletin (New Series) of the American Mathematical Society},
  volume={45},
  number={1},
  pages={77--115},
  year={2008}
}
@article{guth2010endpoint,
  title={The endpoint case of the Bennett--Carbery--Tao multilinear Kakeya conjecture},
  author={Guth, Larry},
  journal={Acta mathematica},
  volume={205},
  number={2},
  pages={263--286},
  year={2010},
  publisher={Institut Mittag-Leffler}
}
@inproceedings{guth2015short,
  title={A short proof of the multilinear Kakeya inequality},
  author={Guth, Larry},
  booktitle={Mathematical Proceedings of the Cambridge Philosophical Society},
  volume={158},
  number={1},
  pages={147--153},
  year={2015},
  organization={Cambridge University Press}
}
@article{besicovitch1928kakeya,
  title={On Kakeya's problem and a similar one},
  author={Besicovitch, AS},
  journal={Mathematische Zeitschrift},
  volume={27},
  number={1},
  pages={312--320},
  year={1928},
  publisher={Springer}
}
@article{bennett2006multilinear,
  title={On the multilinear restriction and Kakeya conjectures},
  author={Bennett, Jonathan and Carbery, Anthony and Tao, Terence},
  journal={Acta mathematica},
  volume={196},
  number={2},
  pages={261--302},
  year={2006},
  publisher={Institut Mittag-Leffler}
}
@article{dvir2009size,
  title={On the size of Kakeya sets in finite fields},
  author={Dvir, Zeev},
  journal={Journal of the American Mathematical Society},
  volume={22},
  number={4},
  pages={1093--1097},
  year={2009}
}